

@article{Ehr62,
  author    = {Ehrhart, Eugene},
  title     = {Sur les polyèdres rationnels homothétiques à n dimensions},
  journal   = {CR Acad. Sci. Paris},
  volume    = {254},
  year      = {1962},
  pages     = {616}
}

@article{Pos09,
  author    = {Postnikov, Alexander},
  title     = {Permutohedra, associahedra, and beyond},
  journal   = {International Mathematics Research Notices},
  volume    = {2009},
  number    = {6},
  year      = {2009},
  pages     = {1026--1106}
}

@article{LP07,
  author    = {Thomas Lam and Alexander Postnikov},
  title     = {Alcoved polytopes. I},
  journal   = {Discrete \& Computational Geometry},
  year      = {2007},
  volume    = {38},
  number    = {3},
  pages     = {453--478},
  doi       = {10.1007/s00454-007-9007-2}
}

@article{Sta77,
  author    = {Richard P. Stanley},
  title     = {Eulerian partitions of a unit hypercube},
  journal   = {Higher Combinatorics},
  year      = {1977},
  volume    = {49},
  pages     = {49}
}